%%%%%%%%%%%%%%%%%%%%%%%%%%%%%%%%%%%%%%%%%%%%%%%%%%%%%%%%%%%%%%%%%%%%%%%%%%%%%%%%
%%
%% Список литературы
%%
%%%%%%%%%%%%%%%%%%%%%%%%%%%%%%%%%%%%%%%%%%%%%%%%%%%%%%%%%%%%%%%%%%%%%%%%%%%%%%%%

@article{LDA,
  author  = {Blei, David M. and Ng, Andrew and Jordan, Michael},
  title   = {Latent dirichlet allocation},
  volume  = {3},
  year    = {2003},
  journal = {Journal of Machine Learning Research}
}
@article{original,
  author  = {Hen\ss, Stefan and Monperrus, Martin and Mezini, Mira},
  title   = {Semi-automatically Extracting FAQs to Improve Accessibility of Software Development Knowledge},
  year    = {2012},
  journal = {Proceedings of the International Conference on Software Engineering (ICSE)}
}
@online{TM,
  author       = "http://www.machinelearning.ru",
  title        = "Тематическое моделирование",
  howpublished = "Профессиональный информационно-аналитический ресурс, посвященный машинному обучению, распознаванию образов и интеллектуальному анализу данных",
  url          = {http://bit.ly/1NBhnU9},
  urldate      = "17.03.2017",
  language     = "russian"
}
@unpublished{MALLET,
      author = "Andrew Kachites McCallum",
      title = "MALLET: A Machine Learning for Language Toolkit",
      note = "http://mallet.cs.umass.edu",
      year = 2002}
@online{gibbs,
  title        = "Gibbs sampling",
  url          = {https://en.wikipedia.org/wiki/Gibbs_sampling},
  urldate      = "17.03.2017",
  language     = "russian"
}
@online{cosine,
  title        = "Cosine similarity",
  url          = {https://en.wikipedia.org/wiki/Cosine_similarity},
  urldate      = "17.03.2017",
  language     = "russian"
}
@article{LDA2,
  author  = {Liu, M and Liu, Y and Yang, Q},
  title   = {Predicting best answerers for new questions in community question answering},
  year    = {2010},
  journal = {Proceedings of the 11th International Conference on Webage Information Management}
}
@article{LDA1,
  author  = {Celikyilmaz, A and Hakkani-Tur, D and Tur, G},
  title   = {Lda based similarity modeling for question answering},
  year    = {2010},
  journal = {Proceedings of the NAACL HLT 2010 Workshop on Semantic Search}
}
@article{so,
  author  = {Tian, Qiongjie and Zhang, Peng and Li, Baoxin},
  title   = {Towards Predicting the Best Answers
in Community-Based Question-Answering Services},
  year    = {2013},
  journal = {Proceedings of the International AAAI Conference on Web and Social Media}
}
@article{engine,
  author  = {Gottipati, S and Lo, D and Jiang, J},
  title   = {Finding relevant answers in
software forums},
  year    = {2011},
  journal = {Proceedings of the Automated Software Engineering Conference}
}

%%%%%%%%%%%%%%%%%%%%%%%%%%%%%%%%%%%%%%%%%%%%%%%%%%%%%%%%%%%%%%%%%%%%%%%%%%%%%%%%